<?xml version="1.0" encoding="UTF-8"?><collection xmlns="http://www.loc.gov/MARC21/slim"><record><leader>00450nam--2200133-i-4500</leader><controlfield tag="001">000001052</controlfield><controlfield tag="002">20161230</controlfield><controlfield tag="005">20161230201024</controlfield><controlfield tag="008">060222s1000------------r-----000-0-eng-d</controlfield><datafield ind1=" " ind2=" " tag="080"><subfield code="a">621.039.512.23:621.039.51.17(043)</subfield></datafield><datafield ind1=" " ind2=" " tag="100"><subfield code="a">Hering, Bernhard</subfield></datafield><datafield ind1=" " ind2=" " tag="245"><subfield code="a">Prazisionmessung der mittleren kinetischen fragmentenergien bei der spaltung von 235- uran mit thermischen neutronen.dissertation</subfield></datafield><datafield ind1=" " ind2=" " tag="260"><subfield code="a">Tubingen, Universitat, 1979. 82 P</subfield></datafield><datafield ind1=" " ind2=" " tag="852"><subfield code="a">48465</subfield></datafield></record></collection>